@article{Ramesh2004,
	author = {Ramesh, A. N. and Kambhampati, C. and Monson, J. R T and Drew, P. J.},
	title = {Artificial intelligence in medicine},
	year = {2004},
	journal = {Ann. of the Royal College of Surgeons of England},
	volume = 86,
	pages = {334--338},
	number = {5},
	publisher={Royal College of Surgeons of England}
}

@INPROCEEDINGS{Jia_Jiang2006, 
	author={Jia, Y and Jiang, Y}, 
	title={Active Contour Model with Shape Constraints for Bone Fracture Detection}, 
	year={2006},
	booktitle={Int. Conf. on Computer Graphics, Imaging and Visualisation (CGIV'06)}, 
	pages={90--95}, 
	publisher = {IEEE},
	doi={10.1109/CGIV.2006.16}, 
	month={Jul}
}

@INPROCEEDINGS{Liang_Pan_Huang_Fan_2010, 
	author={J. Liang and B. C. Pan and Y. H. Huang and X. Y. Fan}, 
	title={Fracture identification of X-ray image}, 
	year={2010}, 
	booktitle={2010 Int. Conf. on Wavelet Analysis and Pattern Recognition}, 
	publisher={IEEE}
	pages={67--73}, 
	doi={10.1109/ICWAPR.2010.5576438}, 
	note = {ISSN 2158-5695}, 
	month= {Jul}
}


@inproceedings{saha_classifying_2016,
	author = {Saha, S. and Mahmud, A. and Ali, A. A. and Amin, M. A.},
	title = {Classifying digital X-ray images into different human body parts},
	year = {2016},
	booktitle = {2016 5th Int. Conf. on Informatics, Electronics and Vision ({ICIEV})},
	doi = {10.1109/ICIEV.2016.7760190},
	pages = {67--71},
	publisher={IEEE},
	month = {May}
}

@inproceedings{jyothi_congenital_2016,
	author = {Jyothi, S. and Vanisree, K.},
	title = {Congenital Heart Septum Defect Diagnosis on Chest X-Ray Features Using Neural Networks},
	year = {2016},
	booktitle = {2016 2nd Int. Conf. on Computational Intelligence Communication Technology ({CICT})},
	pages = {265--269},
	doi = {10.1109/CICT.2016.59},
	publisher={IEEE},
	month = {Feb}
}

@article{meyer_physicians_2013,
	author = {Meyer, Ashley N. D. and Payne, Velma L. and Meeks, Derek W. and Rao, Radha and Singh, Hardeep},
	title = {Physicians’ Diagnostic Accuracy, Confidence, and Resource Requests: A Vignette Study},
	year = {2013},
	journal = {{JAMA} Internal Medicine},
	volume = 173,
	pages = {1952--1958},
	number = 21,
	issn = {2168-6106},
	doi = {10.1001/jamainternmed.2013.10081},
	month = {Nov},
	day = {25}
}

@inproceedings{multiple_classification,
	author = {Umadevi, N. and Geethalakshmi, S. N.},
	title = {Multiple classification system for fracture detection in human bone x-ray images},
	year = {2012},
	booktitle = {2012 3rd Int. Conf. on Computing Communication Networking Technologies ({ICCCNT})},
	pages = {1--8},
	publisher={IEEE},
	doi = {10.1109/ICCCNT.2012.6395889},
	month = {Jul}
}

@inproceedings{neagoe_new_2014,
	author={Neagoe, Victor-Emil and Stoica, Radu-Mihai},
	title = {A new neural network-based approach for automatic annotation of remote sensing imagery},
	year = {2014},
	booktitle = {2014 {IEEE} Geoscience and Remote Sensing Symp.},
	pages = {1781--1784},
	publisher = {IEEE},
	doi = {10.1109/IGARSS.2014.6946798},
	month = {Jul}
}

@article{intrator_feature_1992,
	author = {Intrator, Nathan},
	title = {Feature Extraction Using an Unsupervised Neural Network},
	year = {1992},
	journal = {Neural Computation},
	volume = {4},
	pages = {98-107},
	number = {1},
	issn = {0899-7667},
	doi = {10.1162/neco.1992.4.1.98},
	publisher={MIT Press},
	month = {Jan},
	day = {1}
}

@inproceedings{kottaimalai_eeg_2013,
	author = {Kottaimalai, R. and Rajasekaran, M. P. and Selvam, V. and Kannapiran, B.},
	title = {{EEG} signal classification using Principal Component Analysis with Neural Network in Brain Computer Interface applications},
	year = {2013},
	booktitle = {2013 {IEEE} Int. Conf. {ON} Emerging Trends in Computing, Communication and Nanotechnology ({ICECCN})},
	pages = {227--231},
	publisher = {IEEE}
	doi = {10.1109/ICE-CCN.2013.6528498},
	month = {Mar}
}

@article{mahajan2011classification,
	author={Mahajan, Kavita and Vargantwar, MR and Rajput, Sangita M},
  	title={Classification of EEG using PCA, ICA and Neural Network},
  	year={2011},
  	journal={Int. Journal of Engineering and Advanced Technology},
  	volume={1},
  	number={1},
  	pages={80--83},
}

@article{Mahendran2011,
	author = {Mahendran, S and Baboo, S Santhosh},
	title = {Automatic Fracture Detection Using Classifiers- A Review},
	year = {2011},
	journal = {IJCSI Int. Journal of Computer Science},
	number = {1},
	volume = {8},
	pages = {340--345},
	publisher={Citeseer},
	month = {Nov}
}

@article{Jolliffe2016,
	author = {Jolliffe, Ian T and Cadima, Jorge and Cadima, Jorge},
	title = {Principal component analysis: a review and recent developments },
	year = {2016},
	journal = {Phil. Trans. R. Soc. A},
	volume = {374},
	pages={20150202},
	number={2065},
}

@article{Center2002,
	author={Fodor, Imola K},
	title = {A survey of dimension reduction techniques},
	year = {2002},
	journal={Center for Applied Scientific Computing, Lawrence Livermore Nat. Laboratory},
	volume={9},
	pages = {1--18},
	doi = {10.2172/15002155},
	isbn = {UCRL-ID-148494},
	number = {1},
}

@INPROCEEDINGS{KPCA_2016, 
	author={D. Kapsoulis and K. Tsiakas and V. Asouti and K. Giannakoglou}, 
	title={The use of Kernel PCA in evolutionary optimization for computationally demanding engineering applications}, 
	year={2016},
	booktitle={2016 IEEE Symp. Series on Computational Intelligence (SSCI)}, 
	pages={1--8}, 
	publisher={IEEE},
	doi={10.1109/SSCI.2016.7850203}, 
	month={Dec}
}

@INPROCEEDINGS{LDA_2016, 
	author={E. I. G. Nassara and E. Grall-Maës and M. Kharouf}, 
	title={Linear Discriminant Analysis for Large-Scale Data: Application on Text and Image Data},
	year={2016},
	booktitle={Machine Learning and Applications (ICMLA), 2016 15th IEEE Int.l Conf. on},
	pages={961--964}, 
	publisher={IEEE},
	doi={10.1109/ICMLA.2016.0173}, 
	month={Dec}
}

@article{Rebentrost2014,
	author = {Rebentrost, Patrick and Mohseni, Masoud and Lloyd, Seth},
	title = {Quantum support vector machine for big data classification},
	year = {2014},
	journal = {Physical Review Letters},
	volume = {113},
	pages = {1--5},
	number = {13},
	doi = {10.1103/PhysRevLett.113.130503},
	issn = {10797114},
	publisher={APS}		
}

@book{Boyd2010,
	author = {Boyd, Stephen and Vandenberghe, Lieven},
	title = {Convex Optimization},
	year = {2004},
	 publisher={Cambridge university press}
}

@article{van2009dimensionality,
	author={Van Der Maaten, Laurens and Postma, Eric and Van den Herik, Jaap},
  	title={Dimensionality reduction: a comparative},
  	year={2009},
 	journal={J Mach Learn Res},
  	volume={10},
  	pages={66--71},
 	
}

@article{Zhang2012,
	author = {Zhang, Zhao and Chow, Tommy WS and Zhao, Mingbo},
	title = {M-Isomap : Orthogonal Constrained Marginal Isomap for Nonlinear Dimensionality Reduction},
	year = {2013},
	journal={IEEE Trans. on cybernetics},
	volume={43},
	pages={180--191},
	number={1},
	publisher={IEEE}
}

@inproceedings{Cui2012,
	author = {Cui, Wencheng and Chen, Shuang and Yu, Tianshu and Ren, Lijie},
	title = {Feature extraction of X-ray chest image based on KPCA},
	year = {2012},
	booktitle = {Proc. of 2nd Int. Conf. on Computer Science and Network Technology, ICCSNT 2012},
	doi = {10.1109/ICCSNT.2012.6526153},
	note = {ISBN 9781467329644},
	pages = {1263--1266},
	publisher={IEEE}
}

@inproceedings{Jiang2011,
	author = {Jiang, Shengli and Zhang, Junying and Kuang, Chunlin},
	title = {A linear maximum variance unfolding algorithm and its application in image recognition},
	year = {2011},
	booktitle = {2011 Int. Conf. on Electric Information and Control Engineering, ICEICE 2011 - Proc.},
	doi = {10.1109/ICEICE.2011.5777932},
	note = {ISBN 9781424480395},
	publisher={IEEE},
	number = {61070137},
	pages = {36--39},
}

@article{COIFMAN20065,
	author={Coifman, Ronald R and Lafon, St{\'e}phane},
	title = {Diffusion maps},
	year = {2006},
	journal = {Applied and Computational Harmonic Analysis},
	volume = {21},
	pages = {5--30},
	number = {1},
	publisher={Elsevier}
	issn = {1063-5203},
	doi = {http://dx.doi.org/10.1016/j.acha.2006.04.006},
}

@inproceedings{Oukrich2016,
	author = {Oukrich, Nadia and Maach, Abdelilah and Mabrouk, Sabri Elmahdi and Bouchard, Kevin},
	title = {Activity recognition using back-propagation algorithm and minimum redundancy feature selection method},
	year = {2016},
	note = {ISBN 9781509007516},
	pages = {818--823},
	publisher = {IEEE}
}

@inproceedings{Donnelley2005,
	author = {Donnelley, Martin and Knowles, Greg},
	title = {Computer aided long bone fracture detection},
	year = {2005},
	booktitle = {Proc. of the Eighth Int. Symp. on Signal Processing and Its Applications, 2005},
	pages = {175--178},
	doi = {10.1109/ISSPA.2005.1580224},
	note = {ISBN 0-7803-9243-4},
	publisher = {Association for the Study of Internal Fixation},
	month = {Feb}
}

@article{Syiam_Aziem_Soliman2004, 
	author={M. M. Syiam and M. A. El-Aziem and M. E. M. Soliman}, 
	title={Adagen: adaptive interface agent for x-ray fracture detection}, 
	year={2004}, 
	booktitle={Electrical, Electronic and Computer Engineering, 2004. ICEEC '04. 2004 Int. Conf. on}, 
	volume={2},
	pages={354--357}, 
	number={3},
	doi={10.1109/ICEEC.2004.1374466}, 
	month={Sep}
}

@article{Mahendran2012,
	author={Mahendran, SK and Baboo, S Santhosh},
  	title={Ensemble Systems for Automatic Fracture Detection},
  	year={2012},
  	journal={Int. Journal of Engineering and Technology},
  	volume={4},
 	pages={7},
  	number={1},
 	publisher={IACSIT Press}
}

@article{mahendran_Enhanced,
  	author={Mahendran, SK and Baboo, S Santhosh},
	title={An enhanced tibia fracture detection tool using image processing and classification fusion techniques in X-ray images},
	year={2011},
  	journal={Global Journal of Computer Science and Technology},
  	volume={11},
	pages={22--28},
 	number={14},
}

@INPROCEEDINGS{ComputerAidedBoneFractureDetection, 
	author={Ek{\c{s}}i, Ziya and Dand{\i}l, Emre and {\c{C}}ak{\i}ro{\u{g}}lu, Murat}, 
	title={Computer aided bone fracture detection}, 
	year={2012}, 
	booktitle={2012 20th Signal Processing and Communications Applications Conf. (SIU)}, 
	pages={1--4}, 
	publisher={IEEE},
	ISSN={2165-0608}, 
	month={Apr}
}

@inproceedings{lim2004detection,
	author={Lim, Sher Ee and Xing, Yage and Chen, Ying and Leow, Wee Kheng and Howe, Tet Sen and Png, Meng Ai},
  	title={Detection of femur and radius fractures in x-ray images},
 	year={2004},
 	booktitle={Proc. 2nd Int. Conf. on Advances in Medical Signal and Info. Proc},
  	volume={65},
  	publisher={IEEE}
}

@article{JoshuaCongfuHe2007,
	author={He, Joshua Congfu and Leow, Wee Kheng and Howe, Tet Sen},
	title={Hierarchical classifiers for detection of fractures in X-ray images},
	year = {2007},
	booktitle={International Conference on Computer Analysis of Images and Patterns},
	doi = {10.1007/978-3-540-74272-2_119},
	note = {ISBN 978-3-540-74271-5},
	pages={962--969},
	publisher={Springer}
	
}

@INPROCEEDINGS{Wei_Liming_2010, 
	author={Wei, Zheng and Liming, Zhang}, 
	title={Study on recognition of the fracture injure site based on X-ray images},
	year={2010}, 
	booktitle={2010 3rd Int. Congr. on Image and Signal Processing (CISP)}, 
	pages={1947--1950},
	volume={4}, 
	month={Oct}
}

@article{Murphy2006,
	author = {Murphy, Kevin P},
	title={Naive bayes classifiers},
	year = {2006},
	journal = {University of British Columbiai},
	volume = {4701},
	pages = {1--8},
	doi = {10.1007/978-3-540-74958-5_35},
	note = {ISBN 978-0262018029},
	month = {Oct},
}

@INPROCEEDINGS{Ibrahim_Baharudin2016, 
	author={Ibrahim, Aidarus M and Baharudin, Baharum},
	title={Classification of mammogram images using shearlet transform and kernel principal component analysis}, 
	year={2016}, 
	booktitle={2016 3rd Int. Conf. on Computer and Information Sciences (ICCOINS)}, 
	pages={340--344}, 
	publisher={IEEE},
	doi={10.1109/ICCOINS.2016.7783238}, 
	month={Aug}
}

@article{Shao2009,
	author = {Shao, Ji-Dong and Rong, Gang},
	title = {Nonlinear process monitoring based on maximum variance unfolding projections},
	year = {2009},
	journal = {Expert Systems with Applications},
	volume = {36},
	pages = {11332-11340},
	doi = {http://dx.doi.org/10.1016/j.eswa.2009.03.042},
	note = {ISBN 0957-4174},
	issn = {0957-4174},
	number = {8},
	publisher = {Elsevier Ltd},
}

@INPROCEEDINGS{Pune2016, 
	author={Khobragade, Shubhangi and Tiwari, Aditya and Patil, CY and Narke, Vikram}, 
	title={Automatic detection of major lung diseases using Chest Radiographs and classification by feed-forward artificial neural network},
	year={2016}, 
	booktitle={2016 IEEE 1st Int. Conf. on Power Electronics, Intelligent Control and Energy Systems (ICPEICES)}, 
	pages={1--5}, 
	publisher={IEEE},
	doi={10.1109/ICPEICES.2016.7853683}, 
	month={Jul}
}

@INPROCEEDINGS{Baqqar2012, 
	author={Baqqar, Mabrouka and Wang, Tie and Ahmed, Mahmud and Gu, Fengshou and Lu, Joan and Ball, Andrew},
	title={A general regression neural network model for gearbox fault detection using motor operating parameters},
	year={2012}, 
	booktitle={Proc. of 2012 UKACC Int. Conf. on Control (CONTROL)}, 
	pages={584--588}, 
	publisher={IEEE},
	doi={10.1109/CONTROL.2012.6334695}, 
	month={Sep}
}

@article{Scholkopf2012,
	author = {Sch{\"o}lkopf, Bernhard and Smola, Alexander and M{\"u}ller, Klaus-Robert},
	title = {Kernel Principal Component Analysis},
	year = {1997},
	journal = {Computer Vision And Mathematical Methods In Medical And Biomedical Image Analysis},
	volume = {1327},
	pages = {583--588},
	doi = {10.1162/089976698300017467},
	note = {ISBN 08997667 (ISSN)},
	issn = {0899-7667},
	publisher={Springer}
}

@INPROCEEDINGS{Li_Liang2016, 
	author={Li, Yang and Liang, Wei and Zhang, Yinlong and An, Haibo and Tan, Jindong}, 
	title={Automatic Lumbar Vertebrae Detection Based on Feature Fusion Deep Learning for Partial Occluded C-arm X-ray Images},
	year={2016},
	booktitle={2016 38th Annu. Int. Conf. of the IEEE Engineering in Medicine and Biology Society (EMBC)}, 
	pages={647--650}, 
	publisher={IEEE}
	doi={10.1109/EMBC.2016.7590785}, 
	ISSN={1557-170X}, 
	month={Aug}
}

@INPROCEEDINGS{Aeini2014, 
	author={F. Aeini and A. M. E. Moghadam and F. Mahmoudi}, 
	title={Non linear dimensional reduction method based on supervised neighborhood graph}, 
	year={2014}, 
	booktitle={Telecommunications (IST), 2014 7th Int. Symp. on}, 
	pages={35--40}, 
	publisher={IEEE},
	doi={10.1109/ISTEL.2014.7000666}, 
	month={Sep}
}

@article{tan2012computer,
	author={Tan, Jen Hong and Acharya, U Rajendra and Tan, Collin and Abraham, K Thomas and Lim, Choo Min},
  	title={Computer-assisted diagnosis of tuberculosis: a first order statistical approach to chest radiograph},
 	year={2012},
 	journal={Journal of medical systems},
 	volume={36},
	pages={2751--2759},
  	number={5},
 	publisher={Springer}
}