@article{Zhang2012,
author = {Zhang, Zhao and Member, Student and Chow, Tommy W S and Member, Senior},
file = {:C$\backslash$:/Users/Trouble Maker/Documents/2017/Witwatersrand/Masters/Reading/Papers/M-Isomap - Orthogonal Constrained Marginal Isomap for Nonlinear Dimensionality Reduction.pdf:pdf},
pages = {1--12},
title = {{M-Isomap : Orthogonal Constrained Marginal Isomap for Nonlinear Dimensionality Reduction}},
year = {2012}
}
