@article{Ramesh2004,
	author = {Ramesh, A. N. and Kambhampati, C. and Monson, J. R T and Drew, P. J.},
	doi = {10.1308/147870804290},
	issn = {00358843},
	journal = {Annals of the Royal College of Surgeons of England},
	number = {5},
	pages = {334--338},
	title = {{Artificial intelligence in medicine}},
	volume = {86},
	year = {2004}
}

@INPROCEEDINGS{Jia_Jiang2006, 
	author={Jia, Y and Jiang, Y}, 
	booktitle={International Conference on Computer Graphics, Imaging and Visualisation (CGIV'06)}, 
	title={Active Contour Model with Shape Constraints for Bone Fracture Detection}, 
	year={2006}, 
	pages={90-95}, 
	doi={10.1109/CGIV.2006.16}, 
	month=jul
}

@INPROCEEDINGS{Liang_Pan_Huang_Fan_2010, 
	author={J. Liang and B. C. Pan and Y. H. Huang and X. Y. Fan}, 
	booktitle={2010 International Conference on Wavelet Analysis and Pattern Recognition}, 
	title={Fracture identification of X-ray image}, 
	year={2010}, 
	pages={67-73}, 
	doi={10.1109/ICWAPR.2010.5576438}, 
	ISSN={2158-5695}, 
	month= jul
}


@inproceedings{saha_classifying_2016,
	title = {Classifying digital X-ray images into different human body parts},
	doi = {10.1109/ICIEV.2016.7760190},
	pages = {67-71},
	booktitle = {2016 5th International Conference on Informatics, Electronics and Vision ({ICIEV})},
	author = {Saha, S. and Mahmud, A. and Ali, A. A. and Amin, M. A.},
	year = {2016},
	month = may
}

@inproceedings{jyothi_congenital_2016,
	title = {Congenital Heart Septum Defect Diagnosis on Chest X-Ray Features Using Neural Networks},
	doi = {10.1109/CICT.2016.59},
	pages = {265-269},
	booktitle = {2016 Second International Conference on Computational Intelligence Communication Technology ({CICT})},
	author = {Jyothi, S. and Vanisree, K.},
	year = {2016},
	month = feb
}

@article{meyer_physicians_2013,
	title = {Physicians’ Diagnostic Accuracy, Confidence, and Resource Requests: A Vignette Study},
	volume = {173},
	issn = {2168-6106},
	doi = {10.1001/jamainternmed.2013.10081},
	pages = {1952-1958},
	number = {21},
	journal = {{JAMA} Internal Medicine},
	author = {Meyer, Ashley N. D. and Payne, Velma L. and Meeks, Derek W. and Rao, Radha and Singh, Hardeep},
	year = {2013},
	month = nov,
	day = {25}
}

@inproceedings{multiple_classification,
	title = {Multiple classification system for fracture detection in human bone x-ray images},
	doi = {10.1109/ICCCNT.2012.6395889},
	pages = {1-8},
	booktitle = {2012 Third International Conference on Computing Communication Networking Technologies ({ICCCNT})},
	author = {Umadevi, N. and Geethalakshmi, S. N.},
	year = {2012},
	month = jul
}

@inproceedings{neagoe_new_2014,
	title = {A new neural network-based approach for automatic annotation of remote sensing imagery},
	doi = {10.1109/IGARSS.2014.6946798},
	pages = {1781--1784},
	booktitle = {2014 {IEEE} Geoscience and Remote Sensing Symposium},
	author = {Neagoe, V. E. and Stoica, R. M.},
	year = {2014},
	month = jul
}

@article{intrator_feature_1992,
	title = {Feature Extraction Using an Unsupervised Neural Network},
	volume = {4},
	issn = {0899-7667},
	doi = {10.1162/neco.1992.4.1.98},
	pages = {98-107},
	number = {1},
	journal = {Neural Computation},
	author = {Intrator, Nathan},
	year = {1992},
	month = jan,
	day = {1}
}

@inproceedings{kottaimalai_eeg_2013,
	title = {{EEG} signal classification using Principal Component Analysis with Neural Network in Brain Computer Interface applications},
	doi = {10.1109/ICE-CCN.2013.6528498},
	pages = {227-231},
	booktitle = {2013 {IEEE} International Conference {ON} Emerging Trends in Computing, Communication and Nanotechnology ({ICECCN})},
	author = {Kottaimalai, R. and Rajasekaran, M. P. and Selvam, V. and Kannapiran, B.},
	year = {2013},
	month = mar
}

@article{mahajan2011classification,
  	title={Classification of EEG using PCA, ICA and Neural Network},
  	author={Mahajan, Kavita and Vargantwar, MR and Rajput, Sangita M},
  	journal={International Journal of Engineering and Advanced Technology},
  	volume={1},
  	number={1},
  	pages={80-83},
  	year={2011}
}

@article{Mahendran2011,
	author = {Mahendran, S K and Baboo, S Santhosh},
	number = {6},
	pages = {340-345},
	title = {Automatic Fracture Detection Using Classifiers- A Review},
	volume = {8},
	year = {2011}
}

@article{Jolliffe2016,
	author = {Jolliffe, Ian T and Cadima, Jorge and Cadima, Jorge},
	title = {Principal component analysis : a review and recent developments Subject Areas : Author for correspondence },
	year = {2016}
}

@article{Center2002,
	author = {Center, Imola K Fodor and Scienti, Applied and Box, Lawrence Livermore National Laboratory P O},
	doi = {10.2172/15002155},
	isbn = {UCRL-ID-148494},
	journal = {Computing},
	number = {1},
	pages = {1-18},
	title = {A survey of dimension reduction techniques},
	year = {2002}
}

@INPROCEEDINGS{KPCA_2016, 
	author={D. Kapsoulis and K. Tsiakas and V. Asouti and K. Giannakoglou}, 
	booktitle={2016 IEEE Symposium Series on Computational Intelligence (SSCI)}, 
	title={The use of Kernel PCA in evolutionary optimization for computationally demanding engineering applications}, 
	year={2016}, 
	pages={1-8}, 
	doi={10.1109/SSCI.2016.7850203}, 
	month={Dec}
}

@INPROCEEDINGS{LDA_2016, 
	author={E. I. G. Nassara and E. Grall-Maës and M. Kharouf}, 
	booktitle={2016 15th IEEE International Conference on Machine Learning and Applications (ICMLA)}, 
	title={Linear Discriminant Analysis for Large-Scale Data: Application on Text and Image Data}, 
	year={2016}, 
	pages={961-964}, 
	doi={10.1109/ICMLA.2016.0173}, 
	month={Dec}
}

@article{Rebentrost2014,
	author = {Rebentrost, Patrick and Mohseni, Masoud and Lloyd, Seth},
	doi = {10.1103/PhysRevLett.113.130503},
	isbn = {http://dx.doi.org/10.1103/PhysRevLett.113.130503},
	issn = {10797114},
	journal = {Physical Review Letters},
	number = {3},
	pages = {1-5},
	title = {{Quantum support vector machine for big data classification}},
	volume = {113},
	year = {2014}
}

@article{LeCun2015,
	author = {LeCun, Yann and Bengio, Yoshua and Hinton, Geoffrey},
	doi = {10.1038/nature14539},
	isbn = {9780521835688},
	issn = {0028-0836},
	journal = {Nature},
	number = {7553},
	pages = {436-444},
	title = {{Deep learning}},
	volume = {521},
	year = {2015}
}

@book{Boyd2010,
	author = {Boyd, Stephen and Vandenberghe, Lieven},
	booktitle = {Optimization Methods and Software},
	doi = {10.1080/10556781003625177},
	isbn = {9780521833783},
	issn = {10556788},
	number = {3},
	pages = {487-487},
	title = {Convex Optimization},
	volume = {25},
	year = {2010}
}

@article{van2009dimensionality,
  	title={Dimensionality reduction: a comparative},
  	author={Van Der Maaten, Laurens and Postma, Eric and Van den Herik, Jaap},
 	journal={J Mach Learn Res},
  	volume={10},
  	pages={66-71},
 	year={2009}
}

@article{Zhang2012,
	author = {Zhang, Zhao and Member, Student and Chow, Tommy W S and Member, Senior},
	pages = {1--12},
	title = {M-Isomap : Orthogonal Constrained Marginal Isomap for Nonlinear Dimensionality Reduction},
	year = {2012}
}

@article{Cui2012,
	author = {Cui, Wencheng and Chen, Shuang and Yu, Tianshu and Ren, Lijie},
	doi = {10.1109/ICCSNT.2012.6526153},
	isbn = {9781467329644},
	journal = {Proceedings of 2nd International Conference on Computer Science and Network Technology, ICCSNT 2012},
	pages = {1263-1266},
	title = {{Feature extraction of X-ray chest image based on KPCA}},
	year = {2012}
}

@article{Jiang2011,
	author = {Jiang, Shengli and Zhang, Junying and Kuang, Chunlin},
	doi = {10.1109/ICEICE.2011.5777932},
	isbn = {9781424480395},
	journal = {2011 International Conference on Electric Information and Control Engineering, ICEICE 2011 - Proceedings},
	number = {61070137},
	pages = {36-39},
	title = {A linear maximum variance unfolding algorithm and its application in image recognition},
	year = {2011}
}

@article{COIFMAN20065,
	title = {Diffusion maps},
	journal = {Applied and Computational Harmonic Analysis},
	volume = {21},
	number = {1},
	pages = {5 - 30},
	year = {2006},
	issn = {1063-5203},
	doi = {http://dx.doi.org/10.1016/j.acha.2006.04.006},
	author = {Ronald R. Coifman and Stéphane Lafon}
}

@article{Oukrich2016,
	author = {Oukrich, Nadia and Maach, Abdelilah and Mabrouk, Sabri Elmahdi and Bouchard, Kevin},
	isbn = {9781509007516},
	pages = {818--823},
	title = {Activity recognition using back-propagation algorithm and minimum redundancy feature selection method},
	year = {2016}
}

@inproceedings{Donnelley2005,
	author = {Donnelley, Martin and Knowles, Greg},
	booktitle = {Proceedings of the Eighth International Symposium on Signal Processing and Its Applications, 2005},
	doi = {10.1109/ISSPA.2005.1580224},
	isbn = {0-7803-9243-4},
	pages = {175-178},
	journal = {IEEE},
	title = {Computer aided long bone fracture detection},
	volume = {1},
	year = {2005},
	month = feb
}

@INPROCEEDINGS{Syiam_Aziem_Soliman2004, 
	author={M. M. Syiam and M. A. El-Aziem and M. E. M. Soliman}, 
	booktitle={Electrical, Electronic and Computer Engineering, 2004. ICEEC '04. 2004 International Conference on}, 
	title={Adagen: adaptive interface agent for x-ray fracture detection}, 
	year={2004}, 
	pages={354-357}, 
	doi={10.1109/ICEEC.2004.1374466}, 
	month=sep
}

@article{Mahendran2012,
	author = {Mahendran, S K and Baboo, S Santhosh},
	number = {1},
	pages = {1-4},
	title = {Ensemble Systems for Automatic Fracture Detection},
	volume = {4},
	year = {2012}
}

@article{Mahendran_Enhanced,
	author = {Mahendran, S K and Baboo, S Santhosh},
	journal = {Global Journal of Computer Science and Technology},
	number = {14},
	pages = {22-28},
	title = {An Enhanced Tibia Fracture Detection Tool Using Image Processing and Classification Fusion Techniques in X-Ray Images},
	volume = {11},
	year = {2011}
}

@INPROCEEDINGS{ComputerAidedBoneFractureDetection, 
	author={Z. Ekşi and E. Dandıl and M. Çakıroğlu}, 
	booktitle={2012 20th Signal Processing and Communications Applications Conference (SIU)}, 
	title={Computer aided bone fracture detection}, 
	year={2012}, 
	pages={1-4}, 
	ISSN={2165-0608}, 
	month=apr
}

@inproceedings{lim2004detection,
  	title={Detection of femur and radius fractures in x-ray images},
 	 author={Lim, Sher Ee and Xing, Yage and Chen, Ying and Leow, Wee Kheng and Howe, Tet Sen and Png, Meng Ai},
 	 booktitle={Proc. 2nd Int. Conf. on Advances in Medical Signal and Info. Proc},
  	volume={65},
  	year={2004}
}

@article{JoshuaCongfuHe2007,
	abstract = {Computer Analysis of Images and Patterns},
	author = {{Joshua Congfu He}, Wee},
	doi = {10.1007/978-3-540-74272-2_119},
	isbn = {978-3-540-74271-5},
	pages = {1-8},
	title = {LNCS 4673 - Hierarchical Classifiers for Detection of Fractures in X-Ray Images},
	year = {2007}
}

@INPROCEEDINGS{Wei_Liming_2010, 
	author={Z. Wei and Z. Liming}, 
	booktitle={2010 3rd International Congress on Image and Signal Processing}, 
	title={Study on recognition of the fracture injure site based on X-ray images}, 
	year={2010}, 
	volume={4}, 
	pages={1947-1950}, 
	month=oct
}

@article{Murphy2006,
	author = {Murphy, Kevin P},
	doi = {10.1007/978-3-540-74958-5_35},
	isbn = {978-0262018029},
	journal = {Bernoulli},
	number = {October},
	pages = {1--8},
	title = {Naive Bayes classifiers Generative classifiers},
	volume = {4701},
	year = {2006}
}

@INPROCEEDINGS{Ibrahim_Baharudin2016, 
	author={A. M. Ibrahim and B. Baharudin}, 
	booktitle={2016 3rd International Conference on Computer and Information Sciences (ICCOINS)}, 
	title={Classification of mammogram images using shearlet transform and kernel principal component analysis}, 
	year={2016}, 
	pages={340-344}, 
	doi={10.1109/ICCOINS.2016.7783238}, 
	month={Aug}
}

@article{Shao2009,
	author = {Shao, Ji-Dong and Rong, Gang},
	doi = {http://dx.doi.org/10.1016/j.eswa.2009.03.042},
	isbn = {0957-4174},
	issn = {0957-4174},
	journal = {Expert Systems with Applications},
	number = {8},
	pages = {11332-11340},
	publisher = {Elsevier Ltd},
	title = {{Nonlinear process monitoring based on maximum variance unfolding projections}},
	volume = {36},
	year = {2009}
}

@INPROCEEDINGS{Pune2016, 
	author={S. Khobragade and A. Tiwari and C. Y. Patil and V. Narke}, 
	booktitle={2016 IEEE 1st International Conference on Power Electronics, Intelligent Control and Energy Systems (ICPEICES)}, 
	title={Automatic detection of major lung diseases using Chest Radiographs and classification by feed-forward artificial neural network}, 
	year={2016}, 
	pages={1-5}, 
	doi={10.1109/ICPEICES.2016.7853683}, 
	month=jul
}

@INPROCEEDINGS{Baqqar2012, 
	author={M. Baqqar and Tie Wang and M. Ahmed and Fengshou Gu and Joan Lu and A. Ball}, 
	booktitle={Proceedings of 2012 UKACC International Conference on Control}, 
	title={A general regression neural network model for gearbox fault detection using motor operating parameters}, 
	year={2012}, 
	pages={584-588}, 
	doi={10.1109/CONTROL.2012.6334695}, 
	month=sep
}

@article{Scholkopf2012,
	author = {Scholkopf, B and Smola, a J and Muller, K R},
	doi = {10.1162/089976698300017467},
	isbn = {08997667 (ISSN)},
	issn = {0899-7667},
	journal = {Computer Vision And Mathematical Methods In Medical And Biomedical Image Analysis},
	pages = {583--588},
	title = {Kernel Principal Component Analysis},
	volume = {1327},
	year = {2012}
}

@INPROCEEDINGS{Li_Liang2016, 
	author={Y. Li and W. Liang and Y. Zhang and H. An and J. Tan}, 
	booktitle={2016 38th Annual International Conference of the IEEE Engineering in Medicine and Biology Society (EMBC)}, 
	title={Automatic Lumbar Vertebrae Detection Based on Feature Fusion Deep Learning for Partial Occluded C-arm X-ray Images}, 
	year={2016}, 
	pages={647-650}, 
	doi={10.1109/EMBC.2016.7590785}, 
	ISSN={1557-170X}, 
	month=aug
}

@INPROCEEDINGS{Aeini2014, 
	author={F. Aeini and A. M. E. Moghadam and F. Mahmoudi}, 
	booktitle={Telecommunications (IST), 2014 7th International Symposium on}, 
	title={Non linear dimensional reduction method based on supervised neighborhood graph}, 
	year={2014}, 
	pages={35-40}, 
	doi={10.1109/ISTEL.2014.7000666}, 
	month=sep
}